<?xml version="1.0" encoding="UTF-8"?><collection xmlns="http://www.loc.gov/MARC21/slim"><record><leader>00659nam--2200181-i-4500</leader><controlfield tag="001">000031897</controlfield><controlfield tag="002">20161230</controlfield><controlfield tag="005">20161230201038</controlfield><controlfield tag="008">060222s1000------------r-----000-0-eng-d</controlfield><datafield ind1=" " ind2=" " tag="040"><subfield code="a">IFIN-HH</subfield></datafield><datafield ind1=" " ind2=" " tag="080"><subfield code="a">539.1.08</subfield></datafield><datafield ind1=" " ind2=" " tag="110"><subfield code="a">National Academy Of Sciences</subfield></datafield><datafield ind1="1" ind2="0" tag="245"><subfield code="a">Measurements and standards of radioactivity</subfield><subfield code="b">Nuclear science series proceedings of an informal conference easton, maryland, october 9-1, 1957</subfield></datafield><datafield ind1=" " ind2=" " tag="260"><subfield code="a">Washington, D.C</subfield><subfield code="b">National Academy Of Sciences</subfield><subfield code="c">1958</subfield></datafield><datafield ind1=" " ind2=" " tag="300"><subfield code="a">IX+155P</subfield></datafield><datafield ind1=" " ind2=" " tag="490"><subfield code="a">Nuclear Science Series - National Research Council Publication 573</subfield><subfield code="v">Report Number 24</subfield></datafield><datafield ind1=" " ind2=" " tag="852"><subfield code="a">13144</subfield><subfield code="c">539</subfield></datafield><datafield ind1=" " ind2=" " tag="CAT"><subfield code="a">Sys</subfield><subfield code="c">20110926</subfield><subfield code="h">125115</subfield></datafield></record></collection>